@BOOK{BOOK:1,
    AUTHOR="Thommen, J. P",
    TITLE="Managementorientierte Betriebswirtschaftslehre, 11. Auflage",
    PUBLISHER="Versus, Z端rich",
    YEAR="2014",
}
@ARTICLE{ARTICLE:1,
    AUTHOR="Maas, V.",
    TITLE="Was bringt Standartisierung?",
    JOURNAL="new management, Nr. 9/2015 ETH Z端rich (BWI)",
    YEAR="2015",
}
@MISC{WEBSITE:1,
    HOWPUBLISHED = "\url{https://www.admin.ch/bfs}",
    AUTHOR = "Bundesamt f端r Statistik",
    TITLE = "Bundesamt f端r Statistik",
    MONTH = "Dec",
    YEAR = "2022",
    NOTE = "Aufgerufen am 01.12.2022"
}